@book{haykin,
  author    = {Simon Haykin}, 
  title     = {Redes neurais. Princípios e Prática},
  publisher = {Bookman},
  year      = 2001,
  volume    = {},
  series    = {},
  address   = {},
  edition   = 2,
  month     = {},
  note      = {},
  isbn      = {978-85-7307-718-6}
}

@article{myoung:03,
  author  = {Kim Myoung-Jong and Han Ingoo}, 
  title   = {The discovery of experts’ decision rules from qualitative bankruptcy data using genetic algorithms},
  journal = {Expert Systems with Applications},
  year    = 2003,
  number  = 25,
  pages   = {637-646},
  month   = {},
  note    = {}, 
  volume  = {}
}
